<record><leader>02004nam a2200505 i 4500</leader><controlfield tag="001">6785976</controlfield><controlfield tag="003">CaONFJC</controlfield><controlfield tag="005">20150113145346.0</controlfield><controlfield tag="006">m        d        </controlfield><controlfield tag="007">cr||n|||||||||</controlfield><controlfield tag="008">141229s2015    enk     ob    001 0 eng d</controlfield><datafield ind1=" " ind2=" " tag="020"><subfield code="a">9781316248515</subfield><subfield code="q">electronic bk.</subfield></datafield><datafield ind1=" " ind2=" " tag="020"><subfield code="a">1316248518</subfield><subfield code="q">electronic bk.</subfield></datafield><datafield ind1=" " ind2=" " tag="020"><subfield code="a">9781316104095</subfield><subfield code="q">electronic bk.</subfield></datafield><datafield ind1=" " ind2=" " tag="020"><subfield code="a">1316104095</subfield><subfield code="q">electronic bk.</subfield></datafield><datafield ind1=" " ind2=" " tag="020"><subfield code="a">9781107087613</subfield></datafield><datafield ind1=" " ind2=" " tag="020"><subfield code="a">1107087619</subfield></datafield><datafield ind1=" " ind2=" " tag="020"><subfield code="a">9781322561158 (MyiLibrary)</subfield></datafield><datafield ind1=" " ind2=" " tag="035"><subfield code="a">ocn898893892</subfield></datafield><datafield ind1=" " ind2=" " tag="037"><subfield code="a">687397</subfield><subfield code="b">MIL</subfield></datafield><datafield ind1=" " ind2=" " tag="039"><subfield code="a">exclude</subfield></datafield><datafield ind1=" " ind2=" " tag="040"><subfield code="a">CaONFJC</subfield><subfield code="c">CaONFJC</subfield><subfield code="e">rda</subfield><subfield code="d">AEU</subfield></datafield><datafield ind1=" " ind2=" " tag="043"><subfield code="a">e-uk---</subfield><subfield code="a">e-ne---</subfield></datafield><datafield ind1=" " ind2="4" tag="050"><subfield code="a">PR438.P65</subfield><subfield code="b">H45 2015eb</subfield></datafield><datafield ind1=" " ind2="7" tag="072"><subfield code="a">LIT</subfield><subfield code="x">004120</subfield><subfield code="2">bisacsh</subfield></datafield><datafield ind1="0" ind2="4" tag="082"><subfield code="a">820.9/358</subfield><subfield code="2">23</subfield></datafield><datafield ind1=" " ind2=" " tag="090"><subfield code="a">Internet Access</subfield><subfield code="b">AEGMCT</subfield></datafield><datafield ind1="1" ind2=" " tag="100"><subfield code="a">Helmers, Helmer J.,</subfield><subfield code="d">1977-</subfield><subfield code="e">author.</subfield></datafield><datafield ind1="1" ind2="4" tag="245"><subfield code="a">The royalist republic</subfield><subfield code="h">[electronic resource] :</subfield><subfield code="b">literature, politics and religion in the Anglo-Dutch public sphere, 1639-1660 /</subfield><subfield code="c">Helmer J. Helmers.</subfield></datafield><datafield ind1=" " ind2="1" tag="264"><subfield code="a">Cambridge :</subfield><subfield code="b">Cambridge University Press,</subfield><subfield code="c">2015.</subfield></datafield><datafield ind1=" " ind2=" " tag="300"><subfield code="a">1 online resource.</subfield></datafield><datafield ind1=" " ind2=" " tag="336"><subfield code="a">text</subfield><subfield code="b">txt</subfield><subfield code="2">rdacontent</subfield></datafield><datafield ind1=" " ind2=" " tag="337"><subfield code="a">computer</subfield><subfield code="b">c</subfield><subfield code="2">rdamedia</subfield></datafield><datafield ind1=" " ind2=" " tag="338"><subfield code="a">online resource</subfield><subfield code="b">cr</subfield><subfield code="2">rdacarrier</subfield></datafield><datafield ind1=" " ind2=" " tag="504"><subfield code="a">Includes bibliographical references and index.</subfield></datafield><datafield ind1=" " ind2=" " tag="506"><subfield code="a">Access restricted to authorized users and institutions.</subfield></datafield><datafield ind1=" " ind2=" " tag="588"><subfield code="a">Description based on print version record.</subfield></datafield><datafield ind1=" " ind2=" " tag="596"><subfield code="a">57</subfield></datafield><datafield ind1=" " ind2="0" tag="650"><subfield code="a">Politics and literature</subfield><subfield code="z">England</subfield><subfield code="y">17th century.</subfield></datafield><datafield ind1=" " ind2="0" tag="650"><subfield code="a">Politics and literature</subfield><subfield code="z">Netherlands</subfield><subfield code="y">17th century.</subfield></datafield><datafield ind1=" " ind2="0" tag="650"><subfield code="a">English</subfield><subfield code="z">Netherlands</subfield><subfield code="x">Social conditions</subfield><subfield code="y">17th century.</subfield></datafield><datafield ind1=" " ind2="0" tag="651"><subfield code="a">Great Britain</subfield><subfield code="x">History</subfield><subfield code="y">Civil War, 1642-1649</subfield><subfield code="x">Influence.</subfield></datafield><datafield ind1="4" ind2="0" tag="856"><subfield code="3">MacEwan University Access</subfield><subfield code="u">http://lib.myilibrary.com/detail.asp?ID=687397</subfield><subfield code="z">(Single User Access)</subfield></datafield><datafield ind1=" " ind2=" " tag="949"><subfield code="w">ORDER</subfield><subfield code="h">UAIN</subfield><subfield code="m">GR_MAC_INT</subfield><subfield code="z">MILGMPSA</subfield></datafield><datafield ind1=" " ind2=" " tag="926"><subfield code="a">Internet Access</subfield><subfield code="w">LC</subfield><subfield code="c">1</subfield><subfield code="i">6785976-1001</subfield><subfield code="l">INTERNET</subfield><subfield code="m">GR_MAC_INT</subfield><subfield code="p">$169.19</subfield><subfield code="r">Y</subfield><subfield code="s">Y</subfield><subfield code="t">E-RESOURCE</subfield><subfield code="u">1/20/2015</subfield><subfield code="x">E-BOOK</subfield><subfield code="z">MILGM</subfield></datafield></record>